<?xml version="1.0" encoding="UTF-8"?><record xmlns="http://www.loc.gov/MARC21/slim" xmlns:cinclude="http://apache.org/cocoon/include/1.0" xmlns:zs="http://www.loc.gov/zing/srw/">
  <leader>00390nz  a2200133n  4500</leader>
  <controlfield tag="001">nb 97038258 </controlfield>
  <controlfield tag="003">DLC</controlfield>
  <controlfield tag="005">19970814051239.0</controlfield>
  <controlfield tag="008">970502n| acannaab|          |a aad     c</controlfield>
  <datafield tag="010" ind1=" " ind2=" ">
    <subfield code="a">nb 97038258 </subfield>
  </datafield>
  <datafield tag="040" ind1=" " ind2=" ">
    <subfield code="a">Uk</subfield>
    <subfield code="c">Uk</subfield>
  </datafield>
  <datafield tag="100" ind1="1" ind2="0">
    <subfield code="a">McEwan, I. B.</subfield>
    <subfield code="q">(Ishbel B.)</subfield>
  </datafield>
  <datafield tag="400" ind1="1" ind2="0">
    <subfield code="a">McEwan, Ishbel B.</subfield>
  </datafield>
  <datafield tag="670" ind1=" " ind2=" ">
    <subfield code="a">UkENL record: Now go..., 1993:</subfield>
    <subfield code="b">t.p. (I.B. McEwan) UkENL data (hdg.: McEwan, I. B. (Ishbel B.))</subfield>
  </datafield>
</record>